<record><leader>00000cas a22000007a 4500</leader><controlfield tag="001">15869329</controlfield><controlfield tag="008">870609d19061969iauwr ne      0    0eng d</controlfield><datafield ind1=" " ind2=" " tag="010"><subfield code="a">sn 87057186 </subfield></datafield><datafield ind1=" " ind2=" " tag="040"><subfield code="a">INP</subfield><subfield code="b">eng</subfield><subfield code="c">INP</subfield><subfield code="d">OCLCQ</subfield></datafield><datafield ind1=" " ind2=" " tag="042"><subfield code="a">msc</subfield></datafield><datafield ind1="0" ind2=" " tag="130"><subfield code="a">Dallas Center times (Dallas Center, Iowa : 1906)</subfield></datafield><datafield ind1="1" ind2="0" tag="245"><subfield code="a">Dallas Center times.</subfield></datafield><datafield ind1=" " ind2=" " tag="260"><subfield code="a">Dallas Center, Iowa :</subfield><subfield code="b">E.A. Emmert,</subfield><subfield code="c">1906-1969.</subfield></datafield><datafield ind1=" " ind2=" " tag="300"><subfield code="a">76 v.</subfield></datafield><datafield ind1=" " ind2=" " tag="310"><subfield code="a">Weekly</subfield></datafield><datafield ind1="0" ind2=" " tag="362"><subfield code="a">Vol. 9, no. 28 (June 21, 1906)-v. 84, no. 44 (Oct. 31, 1969).</subfield></datafield><datafield ind1=" " ind2=" " tag="500"><subfield code="a">Publisher varies.</subfield></datafield><datafield ind1=" " ind2=" " tag="752"><subfield code="a">United States</subfield><subfield code="b">Iowa</subfield><subfield code="c">Dallas</subfield><subfield code="d">Dallas Center.</subfield></datafield><datafield ind1="0" ind2="0" tag="780"><subfield code="t">New times (Dallas Center, Iowa)</subfield><subfield code="w">(DLC)sn 87057185</subfield></datafield><datafield ind1="0" ind2="7" tag="785"><subfield code="t">Woodward enterprise</subfield><subfield code="w">(DLC)sn 86061183</subfield></datafield><datafield ind1="0" ind2="7" tag="785"><subfield code="t">Northeast Dallas County record (Dallas Center times ed.)</subfield><subfield code="w">(DLC)sn 86061185</subfield></datafield></record>